@FOOTNOTE{Note1,key="Note1",note="\protect \url  {http://www.innovation-cities.com/innovation-cities-index-2015-global/9609}"}
@FOOTNOTE{Note2,key="Note2",note="\protect \url  {orbis.bvdinfo.com/}"}
@FOOTNOTE{Note3,key="Note3",note="\protect \url  {http://www.statsilk.com/open-data/sources-global-open-data-national-regional-and-city-levels-links-public-databases}"}
@FOOTNOTE{Note4,key="Note4",note="\protect \url  {http://unhabitat.org/}"}
